<?xml version="1.0" encoding="UTF-8"?>
<record xmlns="http://www.loc.gov/MARC21/slim">
  <leader>02194ntm a22003617a 4500</leader>
  <controlfield tag="001">3445616</controlfield>
  <controlfield tag="005">20091106010300.0</controlfield>
  <controlfield tag="008">090115s1864    xx            000 i eng d</controlfield>
  <datafield tag="033" ind1="0" ind2="0">
    <subfield code="a">18640117</subfield>
  </datafield>
  <datafield tag="035" ind1=" " ind2=" ">
    <subfield code="a">3445616</subfield>
  </datafield>
  <datafield tag="040" ind1=" " ind2=" ">
    <subfield code="a">BRL</subfield>
  </datafield>
  <datafield tag="099" ind1=" " ind2=" ">
    <subfield code="a">Ms.A.9.2 v.6, p.92B</subfield>
  </datafield>
  <datafield tag="100" ind1="1" ind2=" ">
    <subfield code="a">Chapman, Maria Weston,</subfield>
    <subfield code="d">1806-1885.</subfield>
  </datafield>
  <datafield tag="245" ind1="1" ind2="0">
    <subfield code="a">[Letter to] My dear Lizzy</subfield>
    <subfield code="h">[manuscript].</subfield>
  </datafield>
  <datafield tag="260" ind1=" " ind2=" ">
    <subfield code="a">Weymouth, [Mass.],</subfield>
    <subfield code="c">Jan. 17, [1864?].</subfield>
  </datafield>
  <datafield tag="300" ind1=" " ind2=" ">
    <subfield code="a">2 leaves (8 p.) ;</subfield>
    <subfield code="c">5 1/8 x 8 1/8 in.</subfield>
  </datafield>
  <datafield tag="500" ind1=" " ind2=" ">
    <subfield code="a">Holograph, signed with initials.</subfield>
  </datafield>
  <datafield tag="500" ind1=" " ind2=" ">
    <subfield code="a">Maria Weston Chapman says that she has met a number of pro-slavery people who have changed their minds. Some people favor carrying &quot;republican institutions&quot; through Europe &quot;by fire &amp; sword.&quot; She comments on William Henry Seward, Fremont, and other political figures. She thinks Lincoln will be re-elected. She discusses John Forbes&apos;s patriotic activities. She objects to the taunting of pro-slavery penitents. She praises a sermon by Edward L. Pierce. She thinks that the rising generation will handle the problems of the freed slaves better than the old abolitionists. She refers to the effect of the public debt when the war industries slack off. She received a photograph of Robert Gould Shaw from his mother. Maria W. Chapman and William Lloyd Garrison agree that England should not be charged with responsibility for &quot;charging Land &amp; rams &amp; Roebucks.&quot;</subfield>
  </datafield>
  <datafield tag="600" ind1="1" ind2="0">
    <subfield code="a">Chapman, Maria Weston,</subfield>
    <subfield code="d">1806-1885</subfield>
    <subfield code="v">Correspondence.</subfield>
  </datafield>
  <datafield tag="600" ind1="1" ind2="0">
    <subfield code="a">Laugel, Elizabeth Bates Chapman,</subfield>
    <subfield code="d">b. 1831</subfield>
    <subfield code="v">Correspondence.</subfield>
  </datafield>
  <datafield tag="600" ind1="1" ind2="0">
    <subfield code="a">Forbes, John Murray,</subfield>
    <subfield code="d">1813-1898.</subfield>
  </datafield>
  <datafield tag="600" ind1="1" ind2="0">
    <subfield code="a">Lincoln, Abraham,</subfield>
    <subfield code="d">1809-1865.</subfield>
  </datafield>
  <datafield tag="600" ind1="1" ind2="0">
    <subfield code="a">Pierce, Edward Lillie,</subfield>
    <subfield code="d">1829-1897.</subfield>
  </datafield>
  <datafield tag="650" ind1="1" ind2="0">
    <subfield code="a">Freedmen.</subfield>
  </datafield>
  <datafield tag="650" ind1=" " ind2="0">
    <subfield code="a">Antislavery movements</subfield>
    <subfield code="z">United States</subfield>
    <subfield code="x">History</subfield>
    <subfield code="y">19th century.</subfield>
  </datafield>
  <datafield tag="650" ind1=" " ind2="0">
    <subfield code="a">Women abolitionists</subfield>
    <subfield code="z">Massachusetts</subfield>
    <subfield code="z">Boston</subfield>
    <subfield code="y">19th century</subfield>
    <subfield code="v">Correspondence.</subfield>
  </datafield>
  <datafield tag="651" ind1=" " ind2="0">
    <subfield code="a">United States</subfield>
    <subfield code="x">Politics and government</subfield>
    <subfield code="y">1861-1865.</subfield>
  </datafield>
  <datafield tag="651" ind1=" " ind2="0">
    <subfield code="a">United States</subfield>
    <subfield code="x">History</subfield>
    <subfield code="y">Civil War, 1861-1865.</subfield>
  </datafield>
  <datafield tag="655" ind1=" " ind2="0">
    <subfield code="a">Letters.</subfield>
  </datafield>
  <datafield tag="655" ind1=" " ind2="0">
    <subfield code="a">Manuscripts.</subfield>
  </datafield>
  <datafield tag="700" ind1="1" ind2=" ">
    <subfield code="a">Laugel, Elizabeth Bates Chapman,</subfield>
    <subfield code="d">b. 1831,</subfield>
    <subfield code="e">recipient.</subfield>
  </datafield>
  <datafield tag="830" ind1=" " ind2="0">
    <subfield code="a">Maria Weston Chapman Correspondence (1835-1885)</subfield>
  </datafield>
  <datafield tag="999" ind1=" " ind2=" ">
    <subfield code="a">shots: 8</subfield>
  </datafield>
</record>
